@CONFERENCE{Copeland1995,
  author  = {Copeland, D. and Takahira, H. and Wataru, N. and Pak, B. C.},
  title   = {Manifold microchannel heat sinks: Theory and experiment},
  booktitle = {Advances in Electronic Packaging Proc. Int. Intersociety
Electronic Packaging Conference (INTERpack '95)}, 
  year    = {1995},
  pages   = {829â€“835}
 }
